
@incollection{odonnell_analyzing_2007,
	title = {Analyzing {Legislative} {Success} in {Latin} {America}: {The} case of {Democratic} {Argentina}},
	shorttitle = {Analyzing {Legislative} {Success} in {Latin} {America}: {The} case of {Democratic} {Argentina}},
	booktitle = {New {Voices} in the {Study} of {Democracy} in {Latin} {America}},
	publisher = {Woodrow Wilson Center Reports on the Americas},
	author = {Alemán, Eduardo and Calvo, Ernesto},
	editor = {O’Donnell, Guillermo and Tulchin, Joseph S. and Varas, Augusto},
	year = {2007}
}